<collection xmlns="http://www.loc.gov/MARC21/slim">
<record>
  <leader>00698na 0a22001571i 450 </leader>
  <controlfield tag="001">IT\ICCU\CNCE\073949</controlfield>
  <controlfield tag="005">20090430000000.0</controlfield>
  <datafield tag="100" ind1=" " ind2=" ">
    <subfield code="a">20090430             0itac0103    ba</subfield>
  </datafield>
  <datafield tag="101" ind1=" " ind2=" ">
    <subfield code="a">ITA</subfield>
  </datafield>
  <datafield tag="200" ind1="1" ind2=" ">
    <subfield code="a">Appendix ad speculum coniugiorum per eundem fratrem Alphonsum a Vera Cruce ...</subfield>
  </datafield>
  <datafield tag="700" ind1=" " ind2="0">
    <subfield code="a">Alonso</subfield>
    <subfield code="c"> : de#la#Veracruz</subfield>
    <subfield code="3">IT\ICCU\CNCA\000623</subfield>
  </datafield>
  <datafield tag="790" ind1=" " ind2="0">
    <subfield code="a">Alphonsus</subfield>
    <subfield code="c"> : a#Vera Cruz</subfield>
    <subfield code="3">IT\ICCU\CNCA\007571</subfield>
    <subfield code="z">Alonso : de#la#Veracruz</subfield>
  </datafield>
  <datafield tag="790" ind1=" " ind2="0">
    <subfield code="a">Alphonsus</subfield>
    <subfield code="c"> : a#Vera Cruce</subfield>
    <subfield code="3">IT\ICCU\CNCA\012351</subfield>
    <subfield code="z">Alonso : de#la#Veracruz</subfield>
  </datafield>
  <datafield tag="790" ind1=" " ind2="1">
    <subfield code="a">Gutierrez,</subfield>
    <subfield code="b">Alonso</subfield>
    <subfield code="3">IT\ICCU\CNCA\014314</subfield>
    <subfield code="z">Alonso : de#la#Veracruz</subfield>
  </datafield>
  <datafield tag="790" ind1=" " ind2="1">
    <subfield code="a">Vera_Cruce,</subfield>
    <subfield code="b">Alphonsus a</subfield>
    <subfield code="3">IT\ICCU\CNCA\016269</subfield>
    <subfield code="z">Alonso : de#la#Veracruz</subfield>
  </datafield>
  <datafield tag="801" ind1=" " ind2="3">
    <subfield code="a">IT</subfield>
    <subfield code="b">ICCU</subfield>
    <subfield code="c">20201115</subfield>
  </datafield>
</record>
</collection>
